<record><leader>00000cas a22000007a 4500</leader><controlfield tag="001">13043444</controlfield><controlfield tag="008">860121d19221925paudr ne      0    0eng d</controlfield><controlfield tag="009">5601</controlfield><datafield ind1=" " ind2=" " tag="010"><subfield code="a">sn 86081015 </subfield></datafield><datafield ind1=" " ind2=" " tag="040"><subfield code="a">NPH</subfield><subfield code="b">eng</subfield><subfield code="c">NPH</subfield><subfield code="d">DLC</subfield><subfield code="d">NPH</subfield></datafield><datafield ind1="1" ind2=" " tag="029"><subfield code="a">AU@</subfield><subfield code="b">000025811973</subfield></datafield><datafield ind1=" " ind2=" " tag="042"><subfield code="a">msc</subfield></datafield><datafield ind1="0" ind2="0" tag="050"><subfield code="a">Newspaper 7000</subfield></datafield><datafield ind1="0" ind2=" " tag="130"><subfield code="a">Dispatch-herald (Erie, Pa.)</subfield></datafield><datafield ind1="0" ind2="4" tag="245"><subfield code="a">The dispatch-herald.</subfield></datafield><datafield ind1="1" ind2="0" tag="246"><subfield code="a">Dispatch herald</subfield></datafield><datafield ind1="1" ind2="0" tag="246"><subfield code="a">Erie dispatch-herald</subfield></datafield><datafield ind1="0" ind2="7" tag="246"><subfield code="a">Erie dispatch herald</subfield></datafield><datafield ind1=" " ind2=" " tag="260"><subfield code="a">Erie, Pa. :</subfield><subfield code="b">Record Pub. Co. of Erie,</subfield><subfield code="c">1922-1925.</subfield></datafield><datafield ind1=" " ind2=" " tag="300"><subfield code="a">4 v. :</subfield><subfield code="b">ill. ;</subfield><subfield code="c">58 cm.</subfield></datafield><datafield ind1=" " ind2=" " tag="310"><subfield code="a">Daily</subfield></datafield><datafield ind1="0" ind2=" " tag="362"><subfield code="a">Vol. 61, no. 24 (Jan. 23, 1922)-v. 64, no. 154 (June 3, 1925).</subfield></datafield><datafield ind1=" " ind2=" " tag="500"><subfield code="a">Special "102nd anniversary" ed. published Oct. 29, 1922.</subfield></datafield><datafield ind1=" " ind2=" " tag="500"><subfield code="a">Published as: Erie dispatch-herald, June 2, 1925.</subfield></datafield><datafield ind1=" " ind2=" " tag="752"><subfield code="a">United States</subfield><subfield code="b">Pennsylvania</subfield><subfield code="c">Erie</subfield><subfield code="d">Erie.</subfield></datafield><datafield ind1="0" ind2="4" tag="780"><subfield code="t">Erie dispatch (Erie, Pa. : 1902 : Daily)</subfield><subfield code="w">(DLC)sn 87078407</subfield></datafield><datafield ind1="0" ind2="4" tag="780"><subfield code="t">Erie daily herald</subfield><subfield code="w">(DLC)sn 89077016</subfield></datafield><datafield ind1="0" ind2="0" tag="785"><subfield code="t">Erie dispatch-herald</subfield><subfield code="w">(DLC)sn 87078352</subfield></datafield></record>